<record><leader>00000cas a2200000 a 4500</leader><controlfield tag="001">5394088</controlfield><controlfield tag="008">790920d19791982arumr ne      0   b0eng d</controlfield><datafield ind1=" " ind2=" " tag="010"><subfield code="a">sn 93050519 </subfield></datafield><datafield ind1=" " ind2=" " tag="040"><subfield code="a">AFU</subfield><subfield code="b">eng</subfield><subfield code="c">AFU</subfield><subfield code="d">OCL</subfield><subfield code="d">ANU</subfield><subfield code="d">OCL</subfield><subfield code="d">OCLCF</subfield><subfield code="d">OCLCO</subfield></datafield><datafield ind1="1" ind2=" " tag="029"><subfield code="a">AU@</subfield><subfield code="b">000025885220</subfield></datafield><datafield ind1=" " ind2=" " tag="042"><subfield code="a">msc</subfield></datafield><datafield ind1=" " ind2=" " tag="043"><subfield code="a">n-us-ar</subfield></datafield><datafield ind1=" " ind2=" " tag="086"><subfield code="a">MI 152.6:A 7/v.-no., v.7, no. 11-v. 9, no. 6</subfield><subfield code="2">ardocs</subfield></datafield><datafield ind1=" " ind2=" " tag="086"><subfield code="a">PU 152.6:A 7/v.-no., v.5, no.10-v. 7, no.10</subfield><subfield code="2">ardocs</subfield></datafield><datafield ind1=" " ind2=" " tag="090"><subfield code="a">UA42.A6</subfield><subfield code="b">A8</subfield></datafield><datafield ind1=" " ind2=" " tag="092"><subfield code="a">355.37</subfield></datafield><datafield ind1="0" ind2=" " tag="130"><subfield code="a">Arkansas guard (North Little Rock, Ark. : 1979)</subfield></datafield><datafield ind1="0" ind2="0" tag="245"><subfield code="a">Arkansas guard.</subfield></datafield><datafield ind1=" " ind2=" " tag="260"><subfield code="a">North Little Rock, Ark. :</subfield><subfield code="b">Arkansas National Guard,</subfield></datafield><datafield ind1=" " ind2=" " tag="300"><subfield code="a">v.</subfield></datafield><datafield ind1=" " ind2=" " tag="310"><subfield code="a">Monthly</subfield></datafield><datafield ind1="0" ind2=" " tag="362"><subfield code="a">Vol. 5, no. 10 (July 1979)-v. 9, no. 6 (July-Aug. 1982).</subfield></datafield><datafield ind1=" " ind2=" " tag="580"><subfield code="a">Continued by a periodical called: Arkansas guard (North Little Rock, Ark. : 1982).</subfield></datafield><datafield ind1="1" ind2="0" tag="610"><subfield code="a">Arkansas.</subfield><subfield code="b">National Guard</subfield><subfield code="v">Newspapers.</subfield></datafield><datafield ind1=" " ind2="7" tag="655"><subfield code="a">Newspapers.</subfield><subfield code="2">fast</subfield><subfield code="0">(OCoLC)fst01423814</subfield></datafield><datafield ind1="1" ind2="7" tag="610"><subfield code="a">Arkansas.</subfield><subfield code="b">National Guard.</subfield><subfield code="2">fast</subfield><subfield code="0">(OCoLC)fst00690292</subfield></datafield><datafield ind1="1" ind2=" " tag="710"><subfield code="a">Arkansas.</subfield><subfield code="b">National Guard.</subfield></datafield><datafield ind1=" " ind2=" " tag="752"><subfield code="a">United States</subfield><subfield code="b">Arkansas</subfield><subfield code="c">Pulaski</subfield><subfield code="d">North Little Rock.</subfield></datafield><datafield ind1="0" ind2="0" tag="780"><subfield code="t">Arkansas guardsman</subfield><subfield code="w">(DLC)sn 93050528</subfield><subfield code="w">(OCoLC)4434162</subfield></datafield><datafield ind1="1" ind2="0" tag="785"><subfield code="t">Arkansas guard (North Little Rock, Ark. : 1982)</subfield><subfield code="w">(OCoLC)30372356</subfield></datafield></record>